<record><leader>00000cas a22000007a 4500</leader><controlfield tag="001">9818524</controlfield><controlfield tag="008">830817d19461957ksuwr ne      0    0eng d</controlfield><controlfield tag="009">3789</controlfield><datafield ind1=" " ind2=" " tag="010"><subfield code="a">sn 83040649 </subfield></datafield><datafield ind1=" " ind2=" " tag="040"><subfield code="a">KSH</subfield><subfield code="b">eng</subfield><subfield code="c">KSH</subfield><subfield code="d">NPT</subfield></datafield><datafield ind1="1" ind2=" " tag="029"><subfield code="a">AU@</subfield><subfield code="b">000025801017</subfield></datafield><datafield ind1=" " ind2=" " tag="042"><subfield code="a">msc</subfield></datafield><datafield ind1=" " ind2=" " tag="043"><subfield code="a">n-us-ks</subfield></datafield><datafield ind1="0" ind2="0" tag="245"><subfield code="a">Butler free-lance.</subfield></datafield><datafield ind1="0" ind2="0" tag="246"><subfield code="a">Butler free lance</subfield></datafield><datafield ind1=" " ind2=" " tag="260"><subfield code="a">El Dorado, Kan. :</subfield><subfield code="b">[s.n.],</subfield><subfield code="c">1946-1957.</subfield></datafield><datafield ind1=" " ind2=" " tag="300"><subfield code="a">11 v. :</subfield><subfield code="b">ill. ;</subfield><subfield code="c">47 cm.</subfield></datafield><datafield ind1=" " ind2=" " tag="310"><subfield code="a">Weekly</subfield></datafield><datafield ind1="0" ind2=" " tag="362"><subfield code="a">Vol. 1, no. 1 (Oct. 31, 1946)-v. 11, no. 19 (Mar. 7, 1957)</subfield></datafield><datafield ind1=" " ind2=" " tag="500"><subfield code="a">Independent.</subfield></datafield><datafield ind1=" " ind2=" " tag="500"><subfield code="a">Published on Thursday.</subfield></datafield><datafield ind1=" " ind2=" " tag="500"><subfield code="a">Editor: Jessie Stratford.</subfield></datafield><datafield ind1="1" ind2=" " tag="700"><subfield code="a">Stratford, Jessie Ceveland.</subfield></datafield><datafield ind1=" " ind2=" " tag="752"><subfield code="a">United States</subfield><subfield code="b">Kansas</subfield><subfield code="c">Butler</subfield><subfield code="d">El Dorado.</subfield></datafield><datafield ind1="0" ind2="7" tag="785"><subfield code="t">Butler County news</subfield><subfield code="w">(DLC)sn 83040477</subfield></datafield><datafield ind1="0" ind2="7" tag="785"><subfield code="t">Butler County news and Butler free-lance</subfield><subfield code="w">(DLC)sn 83040514</subfield></datafield></record>